% Encoding: UTF-8

%%%%%%%%%%%%%%%%%%% My References 

@misc{ozonekites,
 author       = "Ozone Kitesurf Ltd",
 title        = "About Ozone",
 howpublished = "Available at \url{https://ozonekites.com/about-ozone/}",
 month        = July,
 year         = 2023,
 note 		  = "(Last access the 22/07/2023)"
}

@misc{olympics,
 author       = "International Olympic Committee",
 title        = "Kiteboarding set for lift-off at Paris 2024",
 howpublished = "Available at \url{https://olympics.com/en/news/kiteboarding-set-for-lift-off-at-paris-2024}",
 month        = June,
 year         = 2023,
 note 		  = "(Last access the 22/07/2023)"
}

@misc{formula_kite,
 author       = "The International Kiteboarding Association",
 title        = "Registered Series Production Kites 2020-2024",
 howpublished = "Available at \url{https://www.formulakite.org/equipment/eligible-equipment/kites-2020-2024}",
 month        = May,
 year         = 2021,
 note 		 = "(Last access the 23/07/2023)"
}

@phdthesis{cours_leloup,
    author = {Richard Leloup, Kostia Roncin, Guilhem Bles, Jean-Baptiste Leroux, Christian Jochum, Yves Parlier},
    title = {Use of kites as an auxiliary propulsion method for ships: estimation of kite aerodynamic characteristics and performance prediction for a sailboat and a merchant vessel},
    school = {ISAE-SUPAERO},
    address = {Toulouse},
    month = {November},
    year = {2012},
    url = {http://website.ec-nantes.fr/actesjh/images/13JH/Articles/Leloup_JH13.pdf}
}

@phdthesis{XFOILlimits,
    author = {Kristen Kallstrom},
    title = {Exploring Airfoil Table Generation using XFOIL and OVERFLOW},
    school = {NASA Ames Research Center},
    address = {Moffett Field, CA, 94035},
    month ={january},
    year = {2022},
    url = {https://rotorcraft.arc.nasa.gov/Publications/files/Kristin_Kallstrom_Final_Paper_18-Jan-2022.pdf}
}

@misc{XFLR5doc,
 author       = "André Deperrois",
 title        = "Why does an airfoil drag: the viscous problem",
 howpublished = "Available at \url{http://www.xflr5.tech/docs/}",
 month        = March,
 year         = 2019,
 note 		  = "(Last access the 22/08/2023)"
}

@phdthesis{RichardsonInterpolation,
    author = {Jérémie Gressier},
    title = {Introduction à la Simulation Numérique},
    school = {ISAE-SUPAERO},
    address = {10 Av. Edouard Belin, 31400 Toulouse},
    month = {November},
    year = {2016}
}

@phdthesis{turbulentmodels,
    author = {Remi Manceau},
    title = {Modelisation de la turbulence pour la CFD},
    school = {ENSGTI},
    address = {street Jules Ferry, 64000 Pau},
    month = {July},
    year = {2023}
}

@mastersthesis{aerosandbox,
    title = {AeroSandbox: A Differentiable Framework for Aircraft Design Optimization},
    author = {Sharpe, Peter D.},
    school = {Massachusetts Institute of Technology},
    year = {2021}
}

@misc{neuralfoil,
  author = {Peter Sharpe},
  title = {{NeuralFoil}: An airfoil aerodynamics analysis tool using physics-informed machine learning},
  year = {2023},
  publisher = {GitHub},
  journal = {GitHub repository},
  howpublished = {\url{https://github.com/peterdsharpe/NeuralFoil}},
}

@misc{ipopt,
  author = {Stefan Vigerske, Andreas Wächter},
  title = {Ipopt Documentation},
  year = {2023},
  publisher = {GitHub},
  howpublished = {\url{https://coin-or.github.io/Ipopt/}},
}

@Article{Andersson2018,
  Author = {Joel A E Andersson and Joris Gillis and Greg Horn
            and James B Rawlings and Moritz Diehl},
  Title = {{CasADi} -- {A} software framework for nonlinear optimization
           and optimal control},
  Journal = {Mathematical Programming Computation},
  Year = {2018},
}

@phdthesis{Kulfan,
    author = {Brenda M. Kulfan},
    title = {A Universal Parametric Geometry Representation Method – “CST” },
    school = {45th AIAA Aerospace Sciences Meeting and Exhibit},
    address = {Reno, Nevada },
    month = {January},
    year = {2007}
}

%%%%%%%%%%%%%%%%%%%%%%%%%%%%%%%%%%%
%

This is a sample BibTeX database.

@article{Delorme95,
  author        = "F. Delorme and others",
  title         = "Butt-jointed {DBR} Laser With 15 {nm} Tunability Grown
                   in Three {MOVPE} Steps",
  journal       = "Electron. Lett.",
  volume        = "31",
  number        = "15",
  year          = "1995",
  pages         = "1244-1245"
}

@inproceedings{Gupta97,
  author        = "R. K. Gupta and S. D. Senturia",
  title         = "Pull-in Time Dynamics as a Measure of Absolute Pressure",
  booktitle     = "Proc. {IEEE} International Workshop on
                   Microelectromechanical Systems ({MEMS}'97)",
  address       = "Nagoya, Japan",
  month         = jan,
  year          = "1997",
  pages         = "290-294"
}

@book{Candy92,
  editor        = "J. C. Candy and G. C. Temes",
  title         = "Oversampling Delta-Sigma Data Converters Theory,
                   Design and Simulation",
  publisher     = "{IEEE} Press.",
  address       = "New York",
  year          = "1992"
}

@manual{Motorola96,
  title         = "{FLEXChip} Signal Processor ({MC68175/D})",
  organization  = "Motorola",
  year          = "1996"
}

@mastersthesis{Loh92,
  author        = "Nin C. Loh",
  title         = "High-Resolution Micromachined Interferometric Accelerometer",
  school        = "Massachusetts Institute of Technology",
  address       = "Cambridge",
  year          = "1992"
}

@phdthesis{Li00,
  author        = "Q. Li",
  title         = "Delay Characterization and Performance Control of
                   Wide-area Networks",
  school        = "Univ. of Delaware",
  address       = "Newark",
  month         = may,
  year          = "2000",
  url           = "http://www.ece.udel.edu/~qli"
}

@techreport{Jain87,
  author        = "R. Jain and K. K. Ramakrishnan and D. M. Chiu",
  title         = "Congestion Avoidance in Computer Networks with a 
                   Connectionless Network Layer",
  institution   = "Digital Equipment Corporation",
  address       = "MA",
  number        = "DEC-TR-506",
  month         = aug,
  year          = "1987"
}

@misc{W3C05,
 author       = "{W3C} -- {World Wide Web Consortium}",
 title        = "{W3C} -- {About SVG}",
 howpublished = "Available at \url{http://www.w3.org/TR/SVG/intro.html/}",
 month        = apr,
 year         = 2005,
 note 		  = "(Último acesso em 12/05/2019)"
}