% Encoding: UTF-8

%%%%%%%%%%%%%%%%%%% My References 

@article{example,
  author = {John Smith},
  title = {An Example Article},
  journal = {Example Journal},
  year = {2023},
  volume = {42},
  number = {3},
  pages = {1--10},
}